@article{DBLP:journals/jacm/Jez16,
  author    = {Artur Jez},
  title     = {Recompression: {A} Simple and Powerful Technique for Word Equations},
  journal   = {J. {ACM}},
  volume    = {63},
  number    = {1},
  pages     = {4:1--4:51},
  year      = {2016},
  url       = {https://doi.org/10.1145/2743014},
  doi       = {10.1145/2743014},
  timestamp = {Sat, 19 Oct 2019 19:27:18 +0200},
  biburl    = {https://dblp.org/rec/journals/jacm/Jez16.bib},
  bibsource = {dblp computer science bibliography, https://dblp.org}
}
